<record><leader>00000nas a2200000 i 4500</leader><controlfield tag="001">892541512</controlfield><controlfield tag="006">m     o  d        </controlfield><controlfield tag="007">cr |||||||||||</controlfield><controlfield tag="008">141008d18841946iaucr neo     0   a0eng  </controlfield><datafield ind1=" " ind2=" " tag="010"><subfield code="a">  2014218631</subfield></datafield><datafield ind1=" " ind2=" " tag="040"><subfield code="a">DLC</subfield><subfield code="b">eng</subfield><subfield code="e">rda</subfield><subfield code="c">DLC</subfield></datafield><datafield ind1="0" ind2=" " tag="022"><subfield code="a">2375-3366</subfield><subfield code="2">1</subfield></datafield><datafield ind1=" " ind2=" " tag="042"><subfield code="a">pcc</subfield><subfield code="a">nsdp</subfield></datafield><datafield ind1=" " ind2=" " tag="043"><subfield code="a">n-us-ia</subfield></datafield><datafield ind1="1" ind2="0" tag="050"><subfield code="a">ISSN RECORD</subfield></datafield><datafield ind1="0" ind2="0" tag="082"><subfield code="a">071</subfield><subfield code="2">23</subfield></datafield><datafield ind1="0" ind2=" " tag="130"><subfield code="a">Webster City freeman (1884 : Online)</subfield></datafield><datafield ind1=" " ind2="0" tag="222"><subfield code="a">Webster City freeman</subfield><subfield code="b">(1884. Online)</subfield></datafield><datafield ind1="1" ind2="0" tag="245"><subfield code="a">Webster City freeman.</subfield></datafield><datafield ind1="1" ind2="3" tag="246"><subfield code="a">Freeman</subfield></datafield><datafield ind1=" " ind2=" " tag="250"><subfield code="a">Weekly ed.</subfield></datafield><datafield ind1=" " ind2="1" tag="264"><subfield code="a">Webster City, Iowa :</subfield><subfield code="b">D.  L. Hunter</subfield></datafield><datafield ind1=" " ind2=" " tag="300"><subfield code="a">1 online resource</subfield></datafield><datafield ind1=" " ind2=" " tag="310"><subfield code="a">Semiweekly,</subfield><subfield code="b">Nov. 5, 1934-July 1, 1946</subfield></datafield><datafield ind1=" " ind2=" " tag="321"><subfield code="a">Weekly,</subfield><subfield code="b">June 18, 1884-Oct. 29, 1934</subfield></datafield><datafield ind1=" " ind2=" " tag="336"><subfield code="a">text</subfield><subfield code="b">txt</subfield><subfield code="2">rdacontent</subfield></datafield><datafield ind1=" " ind2=" " tag="337"><subfield code="a">computer</subfield><subfield code="b">c</subfield><subfield code="2">rdamedia</subfield></datafield><datafield ind1=" " ind2=" " tag="338"><subfield code="a">online resource</subfield><subfield code="b">cr</subfield><subfield code="2">rdacarrier</subfield></datafield><datafield ind1="1" ind2=" " tag="362"><subfield code="a">Began June 18, 1884; ceased July 1, 1946.</subfield></datafield><datafield ind1=" " ind2=" " tag="500"><subfield code="a">Publisher varies.</subfield></datafield><datafield ind1=" " ind2=" " tag="500"><subfield code="a">Official Hamilton County paper.</subfield></datafield><datafield ind1=" " ind2=" " tag="500"><subfield code="a">Editors: J.D. Hunter, June 18, 1884-July 1, 1885; W.F. Hunter, Aug. 13, 1907-Oct. 16, 1917.</subfield></datafield><datafield ind1=" " ind2=" " tag="525"><subfield code="a">Includes occasional supplements.</subfield></datafield><datafield ind1=" " ind2=" " tag="588"><subfield code="a">Description based on: No. 8 (July 11, 1911); title from masthead (Chroniclingamerica.loc.gov, viewed October 8, 2014).</subfield></datafield><datafield ind1=" " ind2=" " tag="588"><subfield code="a">Latest issue consulted: May 29, 1922 (Chroniclingamerica.loc.gov, viewed October 8, 2014).</subfield></datafield><datafield ind1=" " ind2="0" tag="651"><subfield code="a">Webster City (Iowa)</subfield><subfield code="v">Newspapers.</subfield></datafield><datafield ind1=" " ind2=" " tag="752"><subfield code="a">United States</subfield><subfield code="b">Iowa</subfield><subfield code="c">Hamilton</subfield><subfield code="d">Webster City.</subfield></datafield><datafield ind1="0" ind2=" " tag="775"><subfield code="t">Webster City daily freeman (Online)</subfield><subfield code="g">Nov. 9, 1894-&lt;Dec. 31, 1896&gt;</subfield></datafield><datafield ind1="0" ind2=" " tag="775"><subfield code="t">Daily freeman-tribune (Online)</subfield><subfield code="g">&lt;Nov. 14, 1899&gt;-Oct. 13, 1917</subfield></datafield><datafield ind1="0" ind2=" " tag="775"><subfield code="t">Daily freeman-journal (Online)</subfield><subfield code="g">Oct. 15,1917-1946</subfield></datafield><datafield ind1="0" ind2="8" tag="776"><subfield code="i">Originally issued in print:</subfield><subfield code="t">Webster City freeman (1884)</subfield><subfield code="x">2375-3358</subfield><subfield code="w">(DLC)sn 85050913</subfield><subfield code="w">(OCoLC)12610266</subfield></datafield><datafield ind1="0" ind2=" " tag="777"><subfield code="t">Webster City tribune (Online)</subfield><subfield code="g">Nov. 10, 1899-&lt;Dec. 29, 1916&gt;</subfield></datafield><datafield ind1="0" ind2=" " tag="777"><subfield code="t">Webster City journal (Online)</subfield><subfield code="g">Oct. 18, 1917-&lt;Dec. 29, 1926&gt;</subfield></datafield><datafield ind1="0" ind2="0" tag="780"><subfield code="t">Hamilton freeman (Webster City, Iowa : 1872 : Online)</subfield><subfield code="w">(DLC)sn 84038470</subfield></datafield><datafield ind1="4" ind2="0" tag="856"><subfield code="u">http://www.loc.gov/chroniclingamerica/lccn/sn85050913/issues</subfield></datafield></record>